@book{knuth1984texbook,
  title={The \TeX{}book},
  author={Knuth, Donald Ervin},
  year={1984},
  publisher={Addison-Wesley}
}

@book{lamport1985LaTeX,
  title={\LaTeX---A Document Preparation System},
  author={Lamport, Leslie},
  year={1985},
  publisher={Addison-Wesley}
}


@inproceedings{charikar1997incremental,
  title={Incremental clustering and dynamic information retrieval},
  author={Charikar, Moses and Chekuri, Chandra and Feder, Tom{\'a}s and Motwani, Rajeev},
  booktitle=P29 # STOC,
  pages={626--635},
  year={1997},
  organization={ACM}
}

@inproceedings{badoiu2003smaller,
  title={Smaller core-sets for balls},
  author={B{\^a}doiu, Mihai and Clarkson, Kenneth L},
  booktitle= P14 # SODA,
  pages={801--802},
  year={2003},
}


@article{megiddo1984complexity,
  title={On the complexity of some common geometric location problems},
  author={Megiddo, Nimrod and Supowit, Kenneth J},
  journal=Sicomp,
  volume={13},
  number={1},
  pages={182--196},
  year={1984}
}

@book{han2006,
  title={Data Mining, Southeast Asia Edition: Concepts and Techniques},
  author={Han, Jiawei and Kamber, Micheline},
  year={2006},
  publisher={Morgan kaufmann}
}

@article{michael1979computers,
  title={Computers and intractability: a guide to the theory of {NP}-completeness},
  author = {Garey, Michael R. and Johnson, David S.},
  journal={Freeman \& Co.},
  year={1979}
}

@inproceedings{federGonzalez1988,
 author = {Feder, Tom\'{a}s and Greene, Daniel},
 title = {Optimal Algorithms for Approximate Clustering},
 booktitle = P20 # STOC,
 series = {STOC '88},
 year = {1988},
 pages = {434--444},
} 

@article{agarwal2002exact,
  title={Exact and approximation algorithms for clustering},
  author={Agarwal, Pankaj K and Procopiuc, Cecilia Magdalena},
  journal=Algorithmica,
  volume={33},
  number={2},
  pages={201--226},
  year={2002},
}

@article{megiddo1990complexity,
  title={On the complexity of some geometric problems in unbounded dimension},
  author={Megiddo, Nimrod},
  journal={Journal of Symbolic Computation},
  volume={10},
  number={3},
  pages={327--334},
  year={1990},
  publisher={Elsevier}
}

@article{agarwal20132,
  title={The 2-center problem in three dimensions},
  author={Agarwal, Pankaj K and Avraham, Rinat Ben and Sharir, Micha},
  journal=CompGeo,
  volume={46},
  number={6},
  pages={734--746},
  year={2013},
  publisher={Elsevier}
}

@article{dinur2005hardness,
  title={On the hardness of approximating minimum vertex cover},
  author={Dinur, Irit and Safra, Samuel},
  journal={Annals of mathematics},
  pages={439--485},
  year={2005},
  publisher={JSTOR}
}


@book{vazirani2013approximation,
 author = {Vazirani, Vijay V.},
 title = {Approximation Algorithms},
 year = {2001},
 isbn = {3-540-65367-8},
 publisher = {Springer-Verlag New York, Inc.},
} 


@article{agarwal2004approximating,
  title={Approximating extent measures of points},
  author={Agarwal, Pankaj K and Har-Peled, Sariel and Varadarajan, Kasturi R},
  journal=JACM,
  volume={51},
  number={4},
  pages={606--635},
  year={2004},
  publisher={ACM}
}


@inproceedings{zarrabi2009streaming,
  title={Streaming 1-Center with Outliers in High Dimensions.},
  author={Zarrabi-Zadeh, Hamid and Mukhopadhyay, Asish},
  booktitle= P21 # CCCG,
  pages={83--86},
  year={2009},
}

@article{ahn2014computing,
  title={COMPUTING k CENTERS OVER STREAMING DATA FOR SMALL k},
  author={Ahn, Hee-Kap and Kim, Hyo-Sil and Kim, Sang-Sub and Son, Wanbin},
  journal= IntComGeo,
  volume={24},
  number={02},
  pages={107--123},
  year={2014},
}

@inproceedings{agarwal2010streaming,
  title={Streaming algorithms for extent problems in high dimensions},
  author={Agarwal, Pankaj K and Sharathkumar, R},
  booktitle= P21 # SODA,
  pages={1481--1489},
  year={2010},
}

@inproceedings{kim2014improved,
  title={An Improved Data Stream Algorithm for Clustering},
  author={Kim, Sang-Sub and Ahn, Hee-Kap},
  booktitle=P11 # LATIN,
  pages={273--284},
  year={2014},
}

@inproceedings{charikar2001algorithms,
  title={Algorithms for facility location problems with outliers},
  author={Charikar, Moses and Khuller, Samir and Mount, David M and Narasimhan, Giri},
  booktitle=P12 # SODA,
  pages={642--651},
  year={2001},
}

@book{edelsbrunner1987algorithms,
  title={Algorithms in combinatorial geometry},
  author={Edelsbrunner, Herbert},
  volume={10},
  year={1987},
  publisher={Springer Science \& Business Media}
}

@book{aggarwal2007data,
  title={Data streams: models and algorithms},
  author={Aggarwal, Charu C},
  year={2007},
  publisher={Springer Science \& Business Media}
}

@incollection{bern1996approximation,
 author = {Bern, Marshall and Eppstein, David},
 title = {Approximation Algorithms for Geometric Problems},
 booktitle = {Approximation Algorithms for {NP}-hard Problems},
 editor = {Hochbaum, Dorit S.},
 year = {1997},
 isbn = {0-534-94968-1},
 pages = {296--345},
 numpages = {50},
 url = {http://dl.acm.org/citation.cfm?id=241938.241946},
 acmid = {241946},
 publisher = {PWS Publishing Co.},
} 

@article{gonzalez1985clustering,
  title={Clustering to minimize the maximum intercluster distance},
  author={Gonzalez, Teofilo F},
  journal= TCS,
  volume={38},
  pages={293--306},
  year={1985},
}

@article{chazelle1996linear,
  title={On linear-time deterministic algorithms for optimization problems in fixed dimension},
  author={Chazelle, Bernard and Matou{\v{s}}ek, Ji{\v{r}}{\i}ÃÅ},
  journal= jalg,
  volume={21},
  number={3},
  pages={579--597},
  year={1996},
}

@article{chan1999more,
  title={More planar two-center algorithms},
  author={Chan, Timothy M},
  journal= cgta,
  volume={13},
  number={3},
  pages={189--198},
  year={1999},
}

@inproceedings{guha2009tight,
  title={Tight results for clustering and summarizing data streams},
  author={Guha, Sudipto},
  booktitle= P12 # ICDT,
  pages={268--275},
  year={2009},
}

@inproceedings{mccutchen2008streaming,
  title={Streaming algorithms for k-center clustering with outliers and with anonymity},
  author={McCutchen, Richard Matthew and Khuller, Samir},
  booktitle= P11 # APPROX,
  pages={165--178},
  year={2008},
}

@article{chan2014streaming,
  title={Streaming and dynamic algorithms for minimum enclosing balls in high dimensions},
  author={Chan, Timothy M and Pathak, Vinayak},
  journal= cgta,
  volume={47},
  number={2},
  pages={240--247},
  year={2014},
}


@article{matouvsek1995geometric,
  title={On geometric optimization with few violated constraints},
  author={Matou{\v{s}}ek, Ji{\v{r}}{\'\i}},
  journal= dcg,
  volume={14},
  number={1},
  pages={365--384},
  year={1995},
}

@incollection{agarwal2008efficient,
  title={An efficient algorithm for 2D {Euclidean} 2-center with outliers},
  author={Agarwal, Pankaj K and Phillips, Jeff M},
  booktitle= P16 # ESA,
  pages={64--75},
  year={2008},
}

@inproceedings{agarwal2007space,
  title={A space-optimal data-stream algorithm for coresets in the plane},
  author={Agarwal, Pankaj K and Yu, Hai},
  booktitle= P23 # SoCG,
  pages={1--10},
  year={2007},
}

@article{zarrabi2011almost,
  title={An almost space-optimal streaming algorithm for coresets in fixed dimensions},
  author={Zarrabi-Zadeh, Hamid},
  journal= Algorithmica,
  volume={60},
  number={1},
  pages={46--59},
  year={2011},
}

@inproceedings{feder1988optimal,
  title={Optimal algorithms for approximate clustering},
  author={Feder, Tom{\'a}s and Greene, Daniel},
  booktitle=P20 # STOC,
  pages={434--444},
  year={1988},
  organizations={ACM}
}

@article{fowler1981optimal,
  title={Optimal packing and covering in the plane are NP-complete},
  author={Fowler, Robert J and Paterson, Michael S and Tanimoto, Steven L},
  journal= ipl,
  volume={12},
  number={3},
  pages={133--137},
  year={1981},
  publishers={Elsevier}
}

@inproceedings{zarrabi2008core,
  title={Core-Preserving Algorithms.},
  author={Zarrabi-Zadeh, Hamid},
  booktitle= P20 # CCCG,
  pages={159--162},
  year={2008},
  organizations={Citeseer}
}

@inproceedings{zarrabi2006simple,
  title={A Simple Streaming Algorithm for Minimum Enclosing Balls.},
  author={Zarrabi-Zadeh, Hamid and Chan, Timothy M},
  booktitle=P18 # CCCG,
  pages = {139--142},
  year={2006},
  organizations={Citeseer}
}

@inproceedings{danzer1963helly,
  title={Helly's theorem and its relatives},
  author={Danzer, Ludwig and Gruenbaum, B and Klee, Victor},
  booktitle= Proc # { Symposia in Pure Mathematics},
  pages = {101--180},
  year={1963},
  publishers={American Mathematical Society Providence, RI}
}

@book{sipser2012introduction,
  title={Introduction to the Theory of Computation},
  author={Sipser, Michael},
  year={2012},
  publisher={Cengage Learning}
}

@article{estivill2002so,
  title={Why so many clustering algorithms: a position paper},
  author={Estivill-Castro, Vladimir},
  journal={ACM SIGKDD explorations newsletter},
  volume={4},
  number={1},
  pages={65--75},
  year={2002},
  publisher={ACM}
}

@inproceedings{dwork2006our,
  title={Our data, ourselves: Privacy via distributed noise generation},
  author={Dwork, Cynthia and Kenthapadi, Krishnaram and McSherry, Frank and Mironov, Ilya and Naor, Moni},
  booktitle={Advances in Cryptology-EUROCRYPT 2006: 24th Annual International Conference on the Theory and Applications of Cryptographic Techniques, St. Petersburg, Russia, May 28-June 1, 2006. Proceedings 25},
  pages={486--503},
  year={2006},
  organization={Springer}
}

@article{kasiviswanathan2011can,
  title={What can we learn privately?},
  author={Kasiviswanathan, Shiva Prasad and Lee, Homin K and Nissim, Kobbi and Raskhodnikova, Sofya and Smith, Adam},
  journal={SIAM Journal on Computing},
  volume={40},
  number={3},
  pages={793--826},
  year={2011},
  publisher={SIAM}
}

@article{Duchi2013LocalPA,
  title={Local Privacy and Statistical Minimax Rates},
  author={John C. Duchi and Michael I. Jordan and Martin J. Wainwright},
  journal={2013 IEEE 54th Annual Symposium on Foundations of Computer Science},
  year={2013},
  pages={429-438},
  url={https://api.semanticscholar.org/CorpusID:1597053}
}

@article{Dwork2011AFF,
  title={A firm foundation for private data analysis},
  author={Cynthia Dwork},
  journal={Communications of the ACM},
  year={2011},
  volume={54},
  pages={86 - 95},
  url={https://api.semanticscholar.org/CorpusID:14270685}
}

@article{Warner1965RandomizedRA,
  title={Randomized response: a survey technique for eliminating evasive answer bias.},
  author={Stanley L. Warner},
  journal={Journal of the American Statistical Association},
  year={1965},
  volume={60 309},
  pages={
          63-6
        },
  url={https://api.semanticscholar.org/CorpusID:35435339}
}

@inproceedings{Kairouz2016DiscreteDE,
  title={Discrete Distribution Estimation under Local Privacy},
  author={Peter Kairouz and Kallista A. Bonawitz and Daniel Ramage},
  booktitle={International Conference on Machine Learning},
  year={2016},
  url={https://api.semanticscholar.org/CorpusID:9830767}
}

@article{Kairouz2014ExtremalMF,
  title={Extremal Mechanisms for Local Differential Privacy},
  author={Peter Kairouz and Sewoong Oh and Pramod Viswanath},
  journal={J. Mach. Learn. Res.},
  year={2014},
  volume={17},
  pages={17:1-17:51},
  url={https://api.semanticscholar.org/CorpusID:6232226}
}

@inproceedings{nissim2012approximately,
  title={Approximately optimal mechanism design via differential privacy},
  author={Nissim, Kobbi and Smorodinsky, Rann and Tennenholtz, Moshe},
  booktitle={Proceedings of the 3rd innovations in theoretical computer science conference},
  pages={203--213},
  year={2012}
}

@inproceedings{mcsherry2009privacy,
  title={Privacy integrated queries: an extensible platform for privacy-preserving data analysis},
  author={McSherry, Frank D},
  booktitle={Proceedings of the 2009 ACM SIGMOD International Conference on Management of data},
  pages={19--30},
  year={2009}
}

@inproceedings{Wang2016PrivateWH,
  title={Private Weighted Histogram Aggregation in Crowdsourcing},
  author={Shaowei Wang and Liusheng Huang and Pengzhan Wang and Hou Deng and Hongli Xu and Wei Yang},
  booktitle={Wireless Algorithms, Systems, and Applications},
  year={2016},
  url={https://api.semanticscholar.org/CorpusID:2528525}
}

@misc{ChromeRapporCitekeyMisc,
  title        = "Source code of rappor in chromium",
  author       = "{Google}",
  howpublished = "\url{https://chromium.googlesource.com/chromium/src/+/71.0.3553.2/components/rappor/}",
  year         = 2015
}

@misc{MicrosoftTelemetryCitekeyMisc,
  title        = "Collecting telemetry data privately",
  author       = "{Microsoft}",
  howpublished = "\url{https://www.microsoft.com/en-us/research/blog/collecting-telemetry-data-privately/}",
  year         = 2017
}

@inproceedings{erlingsson2014rappor,
  title={Rappor: Randomized aggregatable privacy-preserving ordinal response},
  author={Erlingsson, {\'U}lfar and Pihur, Vasyl and Korolova, Aleksandra},
  booktitle={Proceedings of the 2014 ACM SIGSAC conference on computer and communications security},
  pages={1054--1067},
  year={2014}
}

@inproceedings{dwork2006calibrating,
  title={Calibrating noise to sensitivity in private data analysis},
  author={Dwork, Cynthia and McSherry, Frank and Nissim, Kobbi and Smith, Adam},
  booktitle={Theory of Cryptography: Third Theory of Cryptography Conference, TCC 2006, New York, NY, USA, March 4-7, 2006. Proceedings 3},
  pages={265--284},
  year={2006},
  organization={Springer}
}

@article{Duchi2016MinimaxOP,
  title={Minimax Optimal Procedures for Locally Private Estimation},
  author={John C. Duchi and Martin J. Wainwright and Michael I. Jordan},
  journal={Journal of the American Statistical Association},
  year={2016},
  volume={113},
  pages={182 - 201},
  url={https://api.semanticscholar.org/CorpusID:15762329}
}

@article{chen2023locally,
  title={Locally differentially private high-dimensional data synthesis},
  author={Chen, Xue and Wang, Cheng and Yang, Qing and Hu, Teng and Jiang, Changjun},
  journal={Science China Information Sciences},
  volume={66},
  number={1},
  pages={1--18},
  year={2023},
  publisher={Springer}
}

@article{zhang2023publishing,
  title={Publishing locally private high-dimensional synthetic data efficiently},
  author={Zhang, Hua and Li, Kaixuan and Huang, Teng and Zhang, Xin and Li, Wenmin and Jin, Zhengping and Gao, Fei and Gao, Minghui},
  journal={Information Sciences},
  volume={633},
  pages={343--356},
  year={2023},
  publisher={Elsevier}
}

@article{Wang2019CollectingAA,
  title={Collecting and Analyzing Multidimensional Data with Local Differential Privacy},
  author={Ning Wang and Xiaokui Xiao and Yin David Yang and Jun Zhao and Siu Cheung Hui and Hyejin Shin and Junbum Shin and Ge Yu},
  journal={2019 IEEE 35th International Conference on Data Engineering (ICDE)},
  year={2019},
  pages={638-649},
  url={https://api.semanticscholar.org/CorpusID:174820772}
}

@article{Arcolezi2021ImprovingTU,
  title={Improving the Utility of Locally Differentially Private Protocols for Longitudinal and Multidimensional Frequency Estimates},
  author={H{\'e}ber H. Arcolezi and Jean-Fran√ßois Couchot and Bechara al Bouna and X. Xiao},
  journal={Digit. Commun. Networks},
  year={2021},
  volume={10},
  pages={369-379},
  url={https://api.semanticscholar.org/CorpusID:243847923}
}

@article{ren2018textsf,
  title={LoPub: high-dimensional crowdsourced data publication with local differential privacy},
  author={Ren, Xuebin and Yu, Chia-Mu and Yu, Weiren and Yang, Shusen and Yang, Xinyu and McCann, Julie A and Philip, S Yu},
  journal={IEEE Transactions on Information Forensics and Security},
  volume={13},
  number={9},
  pages={2151--2166},
  year={2018},
  publisher={IEEE}
}

@article{jiang2023dp2,
  title={DP2-Pub: Differentially Private High-Dimensional Data Publication with Invariant Post Randomization},
  author={Jiang, Honglu and Yu, Haotian and Cheng, Xiuzhen and Pei, Jian and Pless, Robert and Yu, Jiguo},
  journal={IEEE Transactions on Knowledge and Data Engineering},
  year={2023},
  publisher={IEEE}
}

@article{Yu2017MarkovBF,
  title={Markov Blanket Feature Selection Using Representative Sets},
  author={Kui Yu and Xindong Wu and Wei Ding and Yang Mu and Hao Wang},
  journal={IEEE Transactions on Neural Networks and Learning Systems},
  year={2017},
  volume={28},
  pages={2775-2788},
  url={https://api.semanticscholar.org/CorpusID:24765906}
}

@inproceedings{du2021collecting,
  title={Collecting high-dimensional and correlation-constrained data with local differential privacy},
  author={Du, Rong and Ye, Qingqing and Fu, Yue and Hu, Haibo},
  booktitle={2021 18th Annual IEEE International Conference on Sensing, Communication, and Networking (SECON)},
  pages={1--9},
  year={2021},
  organization={IEEE}
}

@article{Zhang2023LocallyDP,
  title={Locally differentially private multi-dimensional data collection via haar transform},
  author={Dongyue Zhang and Weiwei Ni and Nan Fu and Lihe Hou and Ruyu Zhang},
  journal={Comput. Secur.},
  year={2023},
  volume={130},
  pages={103291},
  url={https://api.semanticscholar.org/CorpusID:258593749}
}

@article{ding2017collecting,
  title={Collecting telemetry data privately},
  author={Ding, Bolin and Kulkarni, Janardhan and Yekhanin, Sergey},
  journal={Advances in Neural Information Processing Systems},
  volume={30},
  year={2017}
}

@article{Xue2023DDRMAC,
  title={DDRM: A Continual Frequency Estimation Mechanism With Local Differential Privacy},
  author={Qiao Xue and Qingqing Ye and Haibo Hu and Youwen Zhu and Jian Wang},
  journal={IEEE Transactions on Knowledge and Data Engineering},
  year={2023},
  volume={35},
  pages={6784-6797},
  url={https://api.semanticscholar.org/CorpusID:249106881}
}

@inproceedings{Wang2017LocallyDP,
  title={Locally Differentially Private Protocols for Frequency Estimation},
  author={Tianhao Wang and Jeremiah Blocki and Ninghui Li and Somesh Jha},
  booktitle={USENIX Security Symposium},
  year={2017},
  url={https://api.semanticscholar.org/CorpusID:10051640}
}

@inproceedings{Arcolezi2022FrequencyEO,
  title={Frequency Estimation of Evolving Data Under Local Differential Privacy},
  author={H{\'e}ber H. Arcolezi and Carlos Pinz'on and Catuscia Palamidessi and S{\'e}bastien Gambs},
  booktitle={International Conference on Extending Database Technology},
  year={2022},
  url={https://api.semanticscholar.org/CorpusID:252683928}
}

@misc{XxhashCitekeyMisc,
  title        = "xxhash is a Python binding for the xxHash library by Yann Collet.",
  author       = "{Yann Collet}",
  howpublished = "\url{https://pypi.org/project/xxhash/}",
  year         = 2014
}

@article{Aydin2024BayesianFE,
  title={Bayesian Frequency Estimation under Local Differential Privacy with an Adaptive Randomized Response Mechanism},
  author={Soner Aydin and Sinan Yƒ±ldƒ±rƒ±m},
  journal={ACM Transactions on Knowledge Discovery from Data},
  year={2024},
  volume={19},
  pages={1 - 40},
  url={https://api.semanticscholar.org/CorpusID:269758148}
}

@article{Zhang2024FederatedHH,
  title={Federated Heavy Hitter Analytics with Local Differential Privacy},
  author={Yuemin Zhang and Qingqing Ye and Haibo Hu},
  journal={Proceedings of the ACM on Management of Data},
  year={2024},
  volume={3},
  pages={1 - 27},
  url={https://api.semanticscholar.org/CorpusID:274860096}
}

@article{MarreirasNeto2024LocallyDP,
  title={Locally Differentially Private and Consistent Frequency Estimation of Longitudinal Data},
  author={Antonio A. Marreiras Neto and Eduardo R. Duarte Neto and Jos{\'e} S. Costa Filho and Javam C. Machado},
  journal={Anais do XXXIX Simp{\'o}sio Brasileiro de Banco de Dados (SBBD 2024)},
  year={2024},
  url={https://api.semanticscholar.org/CorpusID:273673162}
}

@article{Liu2025LocallyDP,
  title={Locally Differentially Private Frequency Estimation via Joint Randomized Response},
  author={Ye-Zheng Liu and Shafizur Rahman Seeam and Yidan Hu and Rui Zhang and Yanchao Zhang},
  journal={Proc. Priv. Enhancing Technol.},
  year={2025},
  volume={2025},
  pages={242-260},
  url={https://api.semanticscholar.org/CorpusID:278636179}
}

@article{Li2024MultidomainsPL,
  title={Multi-domains personalized local differential privacy frequency estimation mechanism for utility optimization},
  author={Yunfei Li and Xiaodong Fu and Li Liu and Jiaman Ding and Wei Peng and Lianyin Jia},
  journal={Comput. Secur.},
  year={2024},
  volume={150},
  pages={104273},
  url={https://api.semanticscholar.org/CorpusID:274781351}
}

@article{Arcolezi2023RevealingTT,
  title={Revealing the True Cost of Locally Differentially Private Protocols: An Auditing Perspective},
  author={H{\'e}ber H. Arcolezi and S'ebastien Gambs},
  journal={Proc. Priv. Enhancing Technol.},
  year={2023},
  volume={2024},
  pages={123-141},
  url={https://api.semanticscholar.org/CorpusID:261530519}
}

@article{Jiang2024WhenFE,
  title={When Focus Enhances Utility: Target Range LDP Frequency Estimation and Unknown Item Discovery},
  author={Bo Jiang and Wanrong Zhang and Donghang Lu and Jian Du and Qiang Yan},
  journal={ArXiv},
  year={2024},
  volume={abs/2412.17303},
  url={https://api.semanticscholar.org/CorpusID:274981595}
}

@inproceedings{Seeam2025FrequencyEO,
  title={Frequency Estimation of Correlated Multi-attribute Data under Local Differential Privacy},
  author={Shafizur Rahman Seeam and Ye Zheng and Yidan Hu},
  year={2025},
  url={https://api.semanticscholar.org/CorpusID:280223764}
}

@article{Shen2024LoHDPAL,
  title={LoHDP: Adaptive local differential privacy for high‚Äêdimensional data publishing},
  author={Guo-hua Shen and Mengnan Cai and Zhiqiu Huang and Yang Yang and Feifei Guo and Linlin Wei},
  journal={Concurrency and Computation: Practice and Experience},
  year={2024},
  volume={36},
  url={https://api.semanticscholar.org/CorpusID:267555153}
}

@inproceedings{Yuan2025LocalDP,
  title={Local Differential Privacy for Tensors in Distributed Computing Systems},
  author={Yachao Yuan and Xiao Tang and Yu Huang and Jin Wang},
  year={2025},
  url={https://api.semanticscholar.org/CorpusID:276580717}
}

@article{HernandezMatamoros2024ComparativeAO,
  title={Comparative Analysis of Local Differential Privacy Schemes in Healthcare Datasets},
  author={Andres Hernandez-Matamoros and Hiroaki Kikuchi},
  journal={Applied Sciences},
  year={2024},
  url={https://api.semanticscholar.org/CorpusID:268831018}
}

@inbook{Kikuchi2024PrivacyPreservingCF,
author = {Kikuchi, Hiroaki},
year = {2024},
month = {04},
pages = {15-29},
title = {Privacy-Preserving Clustering for Multi-dimensional Data Randomization Under LDP},
isbn = {978-3-031-56325-6},
doi = {10.1007/978-3-031-56326-3_2}
}

@article{Song2024MultiDimensionalDC,
  title={Multi-Dimensional Data Collection Under Personalized Local Differential Privacy},
  author={Kunpeng Song and Mingzhang Sun and Kui Zhou and Peng Tang and Ning Wang and Shanqing Guo},
  journal={2024 IEEE 23rd International Conference on Trust, Security and Privacy in Computing and Communications (TrustCom)},
  year={2024},
  pages={1438-1447},
  url={https://api.semanticscholar.org/CorpusID:277550233}
}

@misc{WoDCitekeyMisc,
  title        = "Wheel of Differential is a solution to preserve local differential privacy in the release of high-dimensional and evolving data",
  author       = "{Arash Saatchi}",
  howpublished = "\url{https://github.com/differentialprivacyir/WOD}",
  year         = 2025
}
